@article{hiemstra2009information,
  title={Information retrieval models},
  author={Hiemstra, Djoerd},
  journal={Information Retrieval: searching in the 21st Century},
  pages={2--19},
  year={2009},
  publisher={Wiley}
}

@book{baeza1999modern,
  title={Modern information retrieval},
  author={Baeza-Yates, Ricardo and Ribeiro-Neto, Berthier and others},
  volume={463},
  year={1999},
  publisher={ACM press New York}
}

@article{buckland1994relationship,
  title={The relationship between recall and precision},
  author={Buckland, Michael K. and Gey, Fredric C.},
  journal={JASIS},
  volume={45},
  number={1},
  pages={12--19},
  year={1994}
}

@incollection{zhang2009eleven,
  title={Eleven Point Precision-recall Curve},
  author={Zhang, Ethan and Zhang, Yi},
  booktitle={Encyclopedia of Database Systems},
  pages={981--982},
  year={2009},
  publisher={Springer}
}

@book{croft1994corpus,
  title={Corpus-specific stemming using word form co-occurence},
  author={Croft, Bruce and Xu, Jinxi},
  year={1994},
  publisher={Citeseer}
}

@article{porter1980algorithm,
  title={An algorithm for suffix stripping},
  author={Porter, Martin F},
  journal={Program},
  volume={14},
  number={3},
  pages={130--137},
  year={1980},
  publisher={MCB UP Ltd}
}

@book{manning2008introduction,
  title={Introduction to information retrieval},
  author={Manning, Christopher D and Raghavan, Prabhakar and Sch{\"u}tze, Hinrich},
  volume={1},
  pages={27},
  year={2008},
  publisher={Cambridge university press Cambridge}
}

@article{Salton:1975:VSM:361219.361220,
 author = {Salton, G. and Wong, A. and Yang, C. S.},
 title = {A Vector Space Model for Automatic Indexing},
 journal = {Commun. ACM},
 issue_date = {Nov. 1975},
 volume = {18},
 number = {11},
 month = nov,
 year = {1975},
 issn = {0001-0782},
 pages = {613--620},
 numpages = {8},
 url = {http://doi.acm.org/10.1145/361219.361220},
 doi = {10.1145/361219.361220},
 acmid = {361220},
 publisher = {ACM},
 address = {New York, NY, USA},
 keywords = {automatic indexing, automatic information retrieval, content analysis, document space},
} 

@article{dubin2004most,
  title={The most influential paper Gerard Salton never wrote},
  author={Dubin, David},
  year={2004},
  publisher={Graduate School of Library and Information Science. University of Illinois at Urbana-Champaign.}
}

@inproceedings{robertson1996okapi,
  title={Okapi at TREC-4},
  author={Robertson, Stephen E and Walker, Steve and Beaulieu, MM and Gatford, Mike and Payne, Alison},
  booktitle={Proceedings of the fourth text retrieval conference},
  volume={500},
  pages={73--97},
  year={1996},
  organization={NIST Special Publication}
}

@incollection{amati2009bm25,
  title={BM25},
  author={Amati, Giambattista},
  booktitle={Encyclopedia of Database Systems},
  pages={257--260},
  year={2009},
  publisher={Springer}
}

